
%% Created for Bruno SAN at 2007-10-24 21:05:30 +0200 


%% Saved with string encoding Western (ASCII) 



@book{cite-key,
	Date-Added = {2007-10-24 21:05:25 +0200},
	Date-Modified = {2007-10-24 21:05:25 +0200}}

@inproceedings{2005ESASP.600E..59B,
	Adsnote = {Provided by the Smithsonian/NASA Astrophysics Data System},
	Adsurl = {http://adsabs.harvard.edu/abs/2005ESASP.600E..59B},
	Author = {{Blanco Rodr{\'{\i}}guez}, J. and {S{\'a}nchez-Andrade Nu{\~n}o}, B. and {Puschmann}, K.~G. and {Kneer}, F.},
	Booktitle = {The Dynamic Sun: Challenges for Theory and Observations},
	Date-Added = {2007-10-24 20:27:51 +0200},
	Date-Modified = {2007-10-24 20:27:51 +0200},
	Month = dec,
	Series = {ESA Special Publication},
	Title = {{Study of Polar Faculae}},
	Volume = 600,
	Year = 2005}

@article{2007A&A...474..251B,
	Adsnote = {Provided by the Smithsonian/NASA Astrophysics Data System},
	Adsurl = {http://adsabs.harvard.edu/abs/2007A%26A...474..251B},
	Author = {{Blanco Rodr{\'{\i}}guez}, J. and {Okunev}, O.~V. and {Puschmann}, K.~G. and {Kneer}, F. and {S{\'a}nchez-Andrade Nu{\~n}o}, B.},
	Date-Added = {2007-10-24 20:27:51 +0200},
	Date-Modified = {2007-10-24 20:27:51 +0200},
	Doi = {10.1051/0004-6361:20077739},
	Journal = {\aap},
	Month = oct,
	Pages = {251-259},
	Title = {{On the properties of faculae at the poles of the Sun}},
	Volume = 474,
	Year = 2007}

@inproceedings{2005ESASP.596E..52B,
	Adsnote = {Provided by the Smithsonian/NASA Astrophysics Data System},
	Adsurl = {http://adsabs.harvard.edu/abs/2005ESASP.596E..52B},
	Author = {{Blanco Rodr{\'{\i}}guez}, J. and {S{\'a}nchez-Andrade Nu{\~n}o}, B. and {Puschmann}, K.~G. and {Kneer}, F.},
	Booktitle = {Chromospheric and Coronal Magnetic Fields},
	Date-Added = {2007-10-24 20:27:51 +0200},
	Date-Modified = {2007-10-24 20:27:51 +0200},
	Editor = {{Innes}, D.~E. and {Lagg}, A. and {Solanki}, S.~A.},
	Month = nov,
	Series = {ESA Special Publication},
	Title = {{Study of Polar Faculae}},
	Volume = 596,
	Year = 2005}

@inproceedings{2005ESASP.596E..71K,
	Adsnote = {Provided by the Smithsonian/NASA Astrophysics Data System},
	Adsurl = {http://adsabs.harvard.edu/abs/2005ESASP.596E..71K},
	Author = {{Kneer}, F. and {Puschmann}, K.~G. and {Blanco Rodr{\'{\i}}guez}, J. and {S{\'a}nchez-Andrade Nu{\~n}o}, B. and {Wittmann}, A.~D.},
	Booktitle = {Chromospheric and Coronal Magnetic Fields},
	Date-Added = {2007-10-24 20:27:51 +0200},
	Date-Modified = {2007-10-24 20:27:51 +0200},
	Editor = {{Innes}, D.~E. and {Lagg}, A. and {Solanki}, S.~A.},
	Month = nov,
	Series = {ESA Special Publication},
	Title = {{Magnetic Structures on the Sun: Osbervations with the New ''G{\"O}TTINGEN'' Two-Dimensional Spectrometer on Tenerife}},
	Volume = 596,
	Year = 2005}

@inproceedings{2007msfa.conf..273S,
	Adsnote = {Provided by the Smithsonian/NASA Astrophysics Data System},
	Adsurl = {http://adsabs.harvard.edu/abs/2007msfa.conf..273S},
	Author = {{S{\'a}nchez-Andrade Nu{\~n}o}, B. and {Puschmann}, K.~G. and {Kneer}, F.},
	Booktitle = {Modern solar facilities - advanced solar science, Proceedings of a Workshop held at G{\"o}ttingen September 27-29, 2006 ISBN 978-3-938616-84-0 382 pages, many illustrations, soft-bound, Price: 23.- Euros Published by Universit{\"a}tsverlag G{\"o}ttingen (http://univerlag.uni-goettingen.de The online edition (PDF, 12 MB) is available free of charge at: http://webdoc.sub.gwdg.de/univerlag/2007/solar\_science\_book.pdf, p.273},
	Date-Added = {2007-10-24 20:27:51 +0200},
	Date-Modified = {2007-10-24 20:27:51 +0200},
	Editor = {{Kneer}, F. and {Puschmann}, K.~G. and {Wittmann}, A.~D.},
	Pages = {273-+},
	Title = {{Observations of a flaring active region in H[alpha]}},
	Year = 2007}

@inproceedings{2007msfa.conf..177S,
	Adsnote = {Provided by the Smithsonian/NASA Astrophysics Data System},
	Adsurl = {http://adsabs.harvard.edu/abs/2007msfa.conf..177S},
	Author = {{S{\'a}nchez-Andrade Nu{\~n}o}, B. and {Centeno}, R. and {Puschmann}, K.~G. and {Trujillo Bueno}, J. and {Kneer}, F.},
	Booktitle = {Modern solar facilities - advanced solar science, Proceedings of a Workshop held at G{\"o}ttingen September 27-29, 2006 ISBN 978-3-938616-84-0 382 pages, many illustrations, soft-bound, Price: 23.- Euros Published by Universit{\"a}tsverlag G{\"o}ttingen (http://univerlag.uni-goettingen.de The online edition (PDF, 12 MB) is available free of charge at: http://webdoc.sub.gwdg.de/univerlag/2007/solar\_science\_book.pdf, p.177},
	Date-Added = {2007-10-24 20:27:51 +0200},
	Date-Modified = {2007-10-24 20:27:51 +0200},
	Editor = {{Kneer}, F. and {Puschmann}, K.~G. and {Wittmann}, A.~D.},
	Pages = {177-+},
	Title = {{Off-limb spectroscopy of the He I 10830 {\AA} multiplet: observations vs. modelling}},
	Year = 2007}

@inproceedings{2005ESASP.596E..62S,
	Adsnote = {Provided by the Smithsonian/NASA Astrophysics Data System},
	Adsurl = {http://adsabs.harvard.edu/abs/2005ESASP.596E..62S},
	Author = {{S{\'a}nchez-Andrade Nu{\~n}o}, B. and {Puschmann}, K.~G. and {S{\'a}nchez Cuberes}, M. and {Blanco Rodr{\'{\i}}guez}, J. and {Kneer}, F.},
	Booktitle = {Chromospheric and Coronal Magnetic Fields},
	Date-Added = {2007-10-24 20:27:51 +0200},
	Date-Modified = {2007-10-24 20:27:51 +0200},
	Editor = {{Innes}, D.~E. and {Lagg}, A. and {Solanki}, S.~A.},
	Month = nov,
	Series = {ESA Special Publication},
	Title = {{Analysis of a Wide Chromospheric Active Region}},
	Volume = 596,
	Year = 2005}

@inproceedings{2005ESASP.600E..70S,
	Adsnote = {Provided by the Smithsonian/NASA Astrophysics Data System},
	Adsurl = {http://adsabs.harvard.edu/abs/2005ESASP.600E..70S},
	Author = {{S{\'a}nchez-Andrade Nu{\~n}o}, B. and {Puschmann}, K.~G. and {S{\'a}nchez Cuberes}, M. and {Blanco Rodr{\'{\i}}guez}, J. and {Kneer}, F.},
	Booktitle = {The Dynamic Sun: Challenges for Theory and Observations},
	Date-Added = {2007-10-24 20:27:51 +0200},
	Date-Modified = {2007-10-24 20:27:51 +0200},
	Month = dec,
	Series = {ESA Special Publication},
	Title = {{Chromospheric Dynamics of a Solar Active Region}},
	Volume = 600,
	Year = 2005}

@article{2007A&A...472L..51S,
	Adsnote = {Provided by the Smithsonian/NASA Astrophysics Data System},
	Adsurl = {http://adsabs.harvard.edu/abs/2007A%26A...472L..51S},
	Author = {{S{\'a}nchez-Andrade Nu{\~n}o}, B. and {Centeno}, R. and {Puschmann}, K.~G. and {Trujillo Bueno}, J. and {Blanco Rodr{\'{\i}}guez}, J. and {Kneer}, F.},
	Date-Added = {2007-10-24 20:27:51 +0200},
	Date-Modified = {2007-10-24 20:27:51 +0200},
	Doi = {10.1051/0004-6361:20077936},
	Eprint = {arXiv:0707.4421},
	Journal = {\aap},
	Month = sep,
	Pages = {L51-L54},
	Title = {{Spicule emission profiles observed in He i 10 830 {\AA}}},
	Volume = 472,
	Year = 2007}

@inproceedings{2005ESASP.596E..67V,
	Adsnote = {Provided by the Smithsonian/NASA Astrophysics Data System},
	Adsurl = {http://adsabs.harvard.edu/abs/2005ESASP.596E..67V},
	Author = {{Valdivielso Casas}, L. and {Bello Gonz{\'a}lez}, N. and {Puschmann}, K.~G. and {S{\'a}nchez-Andrade Nu{\~n}o}, B. and {Kneer}, F.},
	Booktitle = {Chromospheric and Coronal Magnetic Fields},
	Date-Added = {2007-10-24 20:27:51 +0200},
	Date-Modified = {2007-10-24 20:27:51 +0200},
	Editor = {{Innes}, D.~E. and {Lagg}, A. and {Solanki}, S.~A.},
	Month = nov,
	Series = {ESA Special Publication},
	Title = {{Analysis of Polarimetric Sunspot Data from Tesos/vtt/tenerife}},
	Volume = 596,
	Year = 2005}
