
%% Created for Bruno SAN at 2007-10-21 17:59:55 +0200 


%% Saved with string encoding Unicode (UTF-8) 



@article{1990SoPh..129..277G,
	Adsnote = {Provided by the Smithsonian/NASA Astrophysics Data System},
	Adsurl = {http://adsabs.harvard.edu/abs/1990SoPh..129..277G},
	Author = {{Georgakilas}, A.~A. and {Alissandrakis}, C.~E. and {Zachariadis}, T.~G.},
	Date-Added = {2007-10-02 16:32:27 +0200},
	Date-Modified = {2007-10-02 16:32:27 +0200},
	Journal = {\solphys},
	Month = oct,
	Pages = {277-293},
	Title = {{Mass motions associated with H-alpha active region arch structures}},
	Volume = 129,
	Year = 1990}

@article{1997ApJ...489..375A,
	Adsnote = {Provided by the Smithsonian/NASA Astrophysics Data System},
	Adsurl = {http://adsabs.harvard.edu/abs/1997ApJ...489..375A},
	Author = {{Andretta}, V. and {Jones}, H.~P.},
	Date-Added = {2007-10-02 00:05:38 +0200},
	Date-Modified = {2007-10-02 00:05:40 +0200},
	Doi = {10.1086/304760},
	Journal = {\apj},
	Month = nov,
	Pages = {375-+},
	Rating = {1},
	Title = {{On the Role of the Solar Corona and Transition Region in the Excitation of the Spectrum of Neutral Helium}},
	Volume = 489,
	Year = 1997}

@inbook{1994isp..book...35A,
	Adsnote = {Provided by the Smithsonian/NASA Astrophysics Data System},
	Adsurl = {http://adsabs.harvard.edu/abs/1994isp..book...35A},
	Author = {{Avrett}, E.~H. and {Fontenla}, J.~M. and {Loeser}, R.},
	Date-Added = {2007-10-02 00:02:58 +0200},
	Date-Modified = {2007-10-21 12:43:36 +0200},
	Pages = {35-47},
	Publisher = {Infrared Solar Physics, IAU Symp.~No.~154, eds.~D.M.~Rabin, J.T.~Jefferies, C.~Lindsey, Kluwer, Dordrecht, pp.~35-47},
	Rating = {1},
	Title = {{Formation of the solar 10830 A line}},
	Year = 1994}

@article{2001MNRAS.328.1098J,
	Adsnote = {Provided by the Smithsonian/NASA Astrophysics Data System},
	Adsurl = {http://adsabs.harvard.edu/abs/2001MNRAS.328.1098J},
	Author = {{Jordan}, C. and {Macpherson}, K.~P. and {Smith}, G.~R.},
	Date-Added = {2007-10-01 20:29:15 +0200},
	Date-Modified = {2007-10-01 20:29:16 +0200},
	Doi = {10.1046/j.1365-8711.2001.04930.x},
	Journal = {\mnras},
	Month = dec,
	Pages = {1098-1114},
	Rating = {1},
	Title = {{The anomalous intensities of helium lines in a coronal hole}},
	Volume = 328,
	Year = 2001}

@article{1975MNRAS.170..429J,
	Adsnote = {Provided by the Smithsonian/NASA Astrophysics Data System},
	Adsurl = {http://adsabs.harvard.edu/abs/1975MNRAS.170..429J},
	Author = {{Jordan}, C.},
	Date-Added = {2007-10-01 20:27:14 +0200},
	Date-Modified = {2007-10-01 20:27:17 +0200},
	Journal = {\mnras},
	Month = feb,
	Pages = {429-440},
	Rating = {1},
	Title = {{The intensities of helium lines in the solar EUV spectrum}},
	Volume = 170,
	Year = 1975}

@webpage{Climate:2007kx,
	Author = {{Climate and Radiation Branch at NASA's Goddard Space Flight Center}},
	Date-Added = {2007-10-01 17:19:34 +0200},
	Date-Modified = {2007-10-01 17:30:40 +0200},
	Rating = {1},
	Title = {Solar Irradiance vs Blackbody Spectra. \newline http://climate.gsfc.nasa.gov/~cahalan/Radiation/SolarIrrVblackbody.html},
	Url = {http://climate.gsfc.nasa.gov/~cahalan/Radiation/SolarIrrVblackbody.html},
	Year = {2007}}

@article{2003A&A...402..361T,
	Adsnote = {Provided by the Smithsonian/NASA Astrophysics Data System},
	Adsurl = {http://adsabs.harvard.edu/abs/2003A%26A...402..361T},
	Author = {{Tziotziou}, K. and {Tsiropoula}, G. and {Mein}, P.},
	Date-Added = {2007-09-30 15:45:15 +0200},
	Date-Modified = {2007-09-30 15:45:17 +0200},
	Doi = {10.1051/0004-6361:20030220},
	Journal = {\aap},
	Month = apr,
	Pages = {361-372},
	Rating = {1},
	Title = {{On the nature of the chromospheric fine structure. I. Dynamics of dark mottles and grains}},
	Volume = 402,
	Year = 2003}

@article{Svensmark:2007fk,
	Annote = {doi:10.1111/j.1468-4004.2007.48118.x},
	Author = {Svensmark, Henrik},
	Booktitle = {Cosmoclimatology: a new theory emerges},
	Date-Added = {2007-09-30 14:37:40 +0200},
	Date-Modified = {2007-09-30 14:39:18 +0200},
	Journal = {Astronomy \& Geophysics},
	Pages = {1.18-1.24},
	Title = {Cosmoclimatology: a new theory emerges},
	Volume = {48},
	Year = {2007}}

@book{Stix:2002lr,
	Author = {M. Stix},
	Booktitle = {The Sun},
	Date-Added = {2007-09-29 18:15:33 +0200},
	Date-Modified = {2007-09-29 18:21:32 +0200},
	Publisher = {Springer, Berlin. Second Edition},
	Rating = {1},
	Title = {The Sun. An Introduction},
	Year = {2002}}

@article{1992ApJ...401..759M,
	Adsnote = {Provided by the Smithsonian/NASA Astrophysics Data System},
	Adsurl = {http://adsabs.harvard.edu/abs/1992ApJ...401..759M},
	Author = {{Mitalas}, R. and {Sills}, K.~R.},
	Date-Added = {2007-09-29 17:02:20 +0200},
	Date-Modified = {2007-09-29 17:02:22 +0200},
	Doi = {10.1086/172103},
	Journal = {\apj},
	Month = dec,
	Pages = {759-+},
	Rating = {1},
	Title = {{On the photon diffusion time scale for the sun}},
	Volume = 401,
	Year = 1992}

@phdthesis{1964PhDT........83B,
	Adsnote = {Provided by the Smithsonian/NASA Astrophysics Data System},
	Adsurl = {http://adsabs.harvard.edu/abs/1964PhDT........83B},
	Author = {{Beckers}, J.~M.},
	Date-Added = {2007-09-25 18:34:25 +0200},
	Date-Modified = {2007-09-25 18:35:20 +0200},
	Rating = {1},
	School = {University of Utrecht},
	Title = {A study of the fine structures in hte solar chromosphere},
	Year = 1964}

@inproceedings{2007ASPC..368..217T,
	Adsnote = {Provided by the Smithsonian/NASA Astrophysics Data System},
	Adsurl = {http://adsabs.harvard.edu/abs/2007ASPC..368..217T},
	Author = {{Tziotziou}, K.},
	Booktitle = {The Physics of Chromospheric Plasmas},
	Date-Added = {2007-09-25 17:33:32 +0200},
	Date-Modified = {2007-10-21 13:05:45 +0200},
	Editor = {{Heinzel}, P. and {Dorotovi{\v c}}, I. and {Rutten}, R.~J.},
	Month = may,
	Pages = {217-+},
	Rating = {1},
	Series = {PASP Conf. Ser.},
	Title = {{Chromospheric Cloud-Model Inversion Techniques}},
	Volume = 368,
	Year = 2007}

@article{1990A&A...230..200A,
	Adsnote = {Provided by the Smithsonian/NASA Astrophysics Data System},
	Adsurl = {http://adsabs.harvard.edu/abs/1990A%26A...230..200A},
	Author = {{Alissandrakis}, C.~E. and {Tsiropoula}, G. and {Mein}, P.},
	Date-Added = {2007-09-25 09:59:51 +0200},
	Date-Modified = {2007-09-25 09:59:56 +0200},
	Journal = {\aap},
	Month = apr,
	Pages = {200-212},
	Rating = {1},
	Title = {{Physical parameters of solar H-alpha absorption features derived with the cloud model}},
	Volume = 230,
	Year = 1990}

@article{1993A&A...271..574T,
	Adsnote = {Provided by the Smithsonian/NASA Astrophysics Data System},
	Adsurl = {http://adsabs.harvard.edu/abs/1993A%26A...271..574T},
	Author = {{Tsiropoula}, G. and {Alissandrakis}, C.~E. and {Schmieder}, B.},
	Date-Added = {2007-09-25 09:41:31 +0200},
	Date-Modified = {2007-09-25 09:41:31 +0200},
	Journal = {\aap},
	Month = apr,
	Pages = {574-+},
	Title = {{The fine structure of a chromospheric rosette}},
	Volume = 271,
	Year = 1993}

@article{2002RvMP...74..551S,
	Adsnote = {Provided by the Smithsonian/NASA Astrophysics Data System},
	Adsurl = {http://adsabs.harvard.edu/abs/2002RvMP...74..551S},
	Author = {{Saha}, S.~K.},
	Date-Added = {2007-09-23 17:04:29 +0200},
	Date-Modified = {2007-09-23 17:04:30 +0200},
	Eprint = {arXiv:astro-ph/0202115},
	Journal = {Reviews of Modern Physics},
	Month = apr,
	Pages = {551-600},
	Rating = {1},
	Title = {{Modern optical astronomy: technology and impact of interferometry}},
	Volume = 74,
	Year = 2002}

@inproceedings{2007msfa.conf..119L,
	Adsnote = {Provided by the Smithsonian/NASA Astrophysics Data System},
	Adsurl = {http://adsabs.harvard.edu/abs/2007msfa.conf..119L},
	Author = {{L\"ofdahl}, M.~G. and {van Noort}, M.~J. and {Denker}, C.},
	Booktitle = {Modern solar facilities - advanced solar science, G{\"o}ttingen September 27-29, 2006},
	Date-Added = {2007-09-22 20:42:08 +0200},
	Date-Modified = {2007-10-21 12:50:13 +0200},
	Editor = {{Kneer}, F. and {Puschmann}, K.~G. and {Wittmann}, A.~D.},
	Pages = {119-+},
	Publisher = {Universit{\"a}tsverlag G{\"o}ttingen},
	Title = {{Solar image restoration}},
	Year = 2007}

@article{1977OptCo..21...55W,
	Adsnote = {Provided by the Smithsonian/NASA Astrophysics Data System},
	Adsurl = {http://adsabs.harvard.edu/abs/1977OptCo..21...55W},
	Author = {{Weigelt}, G.~P.},
	Date-Added = {2007-09-22 18:09:24 +0200},
	Date-Modified = {2007-09-22 18:09:27 +0200},
	Journal = {Optics Communications},
	Month = apr,
	Pages = {55-59},
	Rating = {1},
	Title = {{Modified astronomical speckle interferometry 'speckle masking'}},
	Volume = 21,
	Year = 1977}

@article{1965JOSA...55.1427F,
	Adsnote = {Provided by the Smithsonian/NASA Astrophysics Data System},
	Adsurl = {http://adsabs.harvard.edu/abs/1965JOSA...55.1427F},
	Author = {{Fried}, D.~L.},
	Date-Added = {2007-09-22 18:07:31 +0200},
	Date-Modified = {2007-09-22 18:07:36 +0200},
	Journal = {Journal of the Optical Society of America (1917-1983)},
	Pages = {1427-1435},
	Rating = {1},
	Title = {{Statistics of a Geometric Representation of Wavefront Distortion}},
	Volume = 55,
	Year = 1965}

@article{Gonzalez:2007fk,
	Author = {Gonz\'alez, B. and {Kneer}, F.},
	Date-Added = {2007-09-20 11:47:51 +0200},
	Date-Modified = {2007-10-21 12:48:59 +0200},
	Journal = {\aap, submitted},
	Year = 2007}

@article{2001A&A...365..588K,
	Adsnote = {Provided by the Smithsonian/NASA Astrophysics Data System},
	Adsurl = {http://adsabs.harvard.edu/abs/2001A%26A...365..588K},
	Author = {{Koschinsky}, M. and {Kneer}, F. and {Hirzberger}, J.},
	Date-Added = {2007-09-20 11:47:12 +0200},
	Date-Modified = {2007-09-20 11:47:15 +0200},
	Doi = {10.1051/0004-6361:20000478},
	Journal = {\aap},
	Month = jan,
	Pages = {588-597},
	Rating = {1},
	Title = {{Speckle spectro-polarimetry of solar magnetic structures}},
	Volume = 365,
	Year = 2001}

@article{1995A&AS..112..371B,
	Adsnote = {Provided by the Smithsonian/NASA Astrophysics Data System},
	Adsurl = {http://adsabs.harvard.edu/abs/1995A%26AS..112..371B},
	Author = {{Bendlin}, C. and {Volkmer}, R.},
	Date-Added = {2007-09-20 11:42:39 +0200},
	Date-Modified = {2007-09-20 11:43:14 +0200},
	Journal = {\aaps},
	Month = sep,
	Pages = {371-+},
	Rating = {1},
	Title = {{The two-dimensional spectrometer in the German Vacuum Tower Telescope/Tenerife. From observations to results.}},
	Volume = 112,
	Year = 1995}

@phdthesis{1993PhDT.......243B,
	Adsnote = {Provided by the Smithsonian/NASA Astrophysics Data System},
	Adsurl = {http://adsabs.harvard.edu/abs/1993PhDT.......243B},
	Author = {{Bendlin}, C.},
	Date-Added = {2007-09-20 11:42:39 +0200},
	Date-Modified = {2007-10-21 12:44:03 +0200},
	Rating = {1},
	School = {G{\"o}ttingen},
	Title = {{Hochaufl{\"o}sende zweidimensionale Spektroskopie der solaren Granulation mit einem Fabry-Perot-Interferometer}},
	Year = 1993}

@article{1992A&A...257..817B,
	Adsnote = {Provided by the Smithsonian/NASA Astrophysics Data System},
	Adsurl = {http://adsabs.harvard.edu/abs/1992A%26A...257..817B},
	Author = {{Bendlin}, C. and {Volkmer}, R. and {Kneer}, F.},
	Date-Added = {2007-09-20 11:42:39 +0200},
	Date-Modified = {2007-09-20 11:43:12 +0200},
	Journal = {\aap},
	Month = apr,
	Pages = {817-823},
	Rating = {1},
	Title = {{A new instrument for high resolution, two-dimensional solar spectroscopy}},
	Volume = 257,
	Year = 1992}

@inproceedings{2007msfa.conf..107B,
	Adsnote = {Provided by the Smithsonian/NASA Astrophysics Data System},
	Adsurl = {http://adsabs.harvard.edu/abs/2007msfa.conf..107B},
	Author = {{Berkefeld}, T.},
	Booktitle = {Modern solar facilities - advanced solar science, G{\"o}ttingen September 27-29, 2006},
	Date-Added = {2007-09-19 10:40:48 +0200},
	Date-Modified = {2007-10-21 17:43:55 +0200},
	Editor = {{Kneer}, F. and {Puschmann}, K.~G. and {Wittmann}, A.~D.},
	Pages = {107},
	Publisher = {Universit{\"a}tsverlag G{\"o}ttingen},
	Title = {{Solar adaptive optics}},
	Year = 2007}

@article{Neckel:1999lr,
	Author = {Neckel},
	Date-Added = {2007-09-06 20:20:48 +0200},
	Date-Modified = {2007-10-21 12:59:10 +0200},
	Journal = {Sol. Phys.},
	Number = {2},
	Pages = {421},
	Rating = {1},
	Title = {SPECTRAL ATLAS OF SOLAR ABSOLUTE DISK-AVERAGED AND DISK-CENTER INTENSITY FROM 3290 {\AA} TO 12510 {\AA}},
	Volume = {184},
	Year = {1999}}

@inproceedings{Collados:2007fk,
	Adsnote = {Provided by the Smithsonian/NASA Astrophysics Data System},
	Adsurl = {http://adsabs.harvard.edu/abs/2007ASPC..368..611C},
	Author = {{Collados}, M. and {Lagg}, A. and {D{\'{\i}}az Garc{\'{\i}}a}, J.~J. and {Hern{\'a}ndez Su{\'a}rez}, E. and {L{\'o}pez L{\'o}pez}, R. and {P{\'a}ez Ma{\~n}{\'a}}, E., and {Solanki}, S.~K.},
	Booktitle = {The Physics of Chromospheric Plasmas},
	Date-Added = {2007-09-06 11:45:39 +0200},
	Date-Modified = {2007-10-21 17:48:09 +0200},
	Editor = {{Heinzel}, P. and {Dorotovi{\v c}}, I. and {Rutten}, R.~J.},
	Month = may,
	Pages = {611-+},
	Series = {PASP Conf. Ser.},
	Title = {{Tenerife Infrared Polarimeter II}},
	Volume = 368,
	Year = 2007}

@inproceedings{Martinez-Pillet:1999lr,
	Adsnote = {Provided by the Smithsonian/NASA Astrophysics Data System},
	Adsurl = {http://adsabs.harvard.edu/abs/1999ASPC..183..264M},
	Author = {{Mart\'inez Pillet}, V. and {Collados}, M. and {S\'anchez Almeida}, J. and {Gonz\'alez}, V. and {Cruz-L\'opez}, A. and {Manescau}, A. and {Joven}, E. and {Paez}, E. and {D\'iaz}, J. and {Feeney}, O. and {S\'anchez}, V. and {Scharmer}, G. and {Soltau}, D.},
	Booktitle = {High Resolution Solar Physics: Theory, Observations, and Techniques},
	Date-Added = {2007-09-06 11:43:43 +0200},
	Date-Modified = {2007-10-21 12:51:22 +0200},
	Editor = {{Rimmele}, T.~R. and {Balasubramaniam}, K.~S. and {Radick}, R.~R.},
	Pages = {264-+},
	Series = {PASP Conf. Ser.},
	Title = {{LPSP \& TIP: Full Stokes Polarimeters for the Canary Islands Observatories}},
	Volume = 183,
	Year = 1999}

@inproceedings{Collados:2003lr,
	Adsnote = {Provided by the Smithsonian/NASA Astrophysics Data System},
	Adsurl = {http://adsabs.harvard.edu/abs/2003SPIE.4843...55C},
	Author = {{Collados}, M.},
	Booktitle = {Polarimetry in Astronomy. Proceedings of the SPIE, Volume 4843 (2003).},
	Date-Added = {2007-09-05 17:26:01 +0200},
	Date-Modified = {2007-10-21 12:46:48 +0200},
	Editor = {{Fineschi}, S.},
	Month = feb,
	Pages = {55-65},
	Rating = {1},
	Title = {{Stokes polarimeters in the near-infrared}},
	Volume = 4843,
	Year = 2003}

@inproceedings{Lofdahl:2002qy,
	Author = {{L\"ofdahl}, M.~G.},
	Booktitle = {SPIE},
	Date-Added = {2007-09-03 15:55:26 +0200},
	Date-Modified = {2007-10-21 12:50:22 +0200},
	Editor = {P. J. Bones and M. A. Fiddy and R. P. Millane},
	Pages = {146},
	Title = {{Image Reconstruction from Incomplete Data II}},
	Volume = {4792},
	Year = {2002}}

@article{1996ApJ...466.1087P,
	Adsnote = {Provided by the Smithsonian/NASA Astrophysics Data System},
	Adsurl = {http://adsabs.harvard.edu/abs/1996ApJ...466.1087P},
	Author = {{Paxman}, R.~G. and {Seldin}, J.~H. and {L\"ofdahl}, M.~G. and {Scharmer}, G.~B. and {Keller}, C.~U.},
	Date-Added = {2007-09-03 15:51:16 +0200},
	Date-Modified = {2007-10-21 13:00:55 +0200},
	Doi = {10.1086/177578},
	Journal = {\apj},
	Month = aug,
	Pages = {1087-+},
	Rating = {1},
	Title = {{Evaluation of Phase-Diversity Techniques for Solar-Image Restoration}},
	Volume = 466,
	Year = 1996}

@article{1998ApJ...495..965L,
	Adsnote = {Provided by the Smithsonian/NASA Astrophysics Data System},
	Adsurl = {http://adsabs.harvard.edu/abs/1998ApJ...495..965L},
	Author = {{L\"ofdahl}, M.~G. and {Berger}, T.~E. and {Shine}, R.~S. and {Title}, A.~M.},
	Date-Added = {2007-09-03 15:49:37 +0200},
	Date-Modified = {2007-09-25 09:33:20 +0200},
	Doi = {10.1086/305308},
	Journal = {\apj},
	Month = mar,
	Pages = {965-+},
	Rating = {1},
	Title = {{Preparation of a Dual Wavelength Sequence of High-Resolution Solar Photospheric Images Using Phase Diversity}},
	Volume = 495,
	Year = 1998}

@inproceedings{1990SPIE.1237..668R,
	Adsnote = {Provided by the Smithsonian/NASA Astrophysics Data System},
	Adsurl = {http://adsabs.harvard.edu/abs/1990SPIE.1237..668R},
	Author = {{Roddier}, N.~A.},
	Booktitle = {Amplitude and Intensity Spatial Interferometry},
	Date-Added = {2007-09-03 15:44:55 +0200},
	Date-Modified = {2007-10-21 13:03:39 +0200},
	Editor = {{Breckinridge}, J.~B.},
	Month = aug,
	Pages = {668-679},
	Rating = {1},
	Series = {SPIE},
	Title = {{Atmospheric wavefront simulation and Zernike polynomials}},
	Volume = 1237,
	Year = 1990}

@article{1976JOSA...66..207N,
	Adsnote = {Provided by the Smithsonian/NASA Astrophysics Data System},
	Adsurl = {http://adsabs.harvard.edu/abs/1976JOSA...66..207N},
	Author = {{Noll}, R.~J.},
	Date-Added = {2007-09-03 15:42:09 +0200},
	Date-Modified = {2007-10-21 12:59:19 +0200},
	Journal = {Journal of the Optical Society of America (1917-1983)},
	Pages = {207-211},
	Rating = {1},
	Title = {{Zernike polynomials and atmospheric turbulence}},
	Volume = 66,
	Year = 1976}

@article{2005SoPh..228..191V,
	Adsnote = {Provided by the Smithsonian/NASA Astrophysics Data System},
	Adsurl = {http://adsabs.harvard.edu/abs/2005SoPh..228..191V},
	Author = {{van Noort}, M. and {Rouppe van der Voort}, L. and {L{\"o}fdahl}, M.~G.},
	Date-Added = {2007-09-03 15:37:32 +0200},
	Date-Modified = {2007-09-03 15:37:35 +0200},
	Doi = {10.1007/s11207-005-5782-z},
	Journal = {\solphys},
	Month = may,
	Pages = {191-215},
	Rating = {1},
	Title = {{Solar Image Restoration By Use Of Multi-frame Blind De-convolution With Multiple Objects And Phase Diversity}},
	Volume = 228,
	Year = 2005}

@phdthesis{2003PhDT.........2J,
	Adsnote = {Provided by the Smithsonian/NASA Astrophysics Data System},
	Adsurl = {http://adsabs.harvard.edu/abs/2003PhDT.........2J},
	Author = {{Janssen}, K.},
	Date-Added = {2007-09-03 15:35:51 +0200},
	Date-Modified = {2007-10-21 12:49:18 +0200},
	Month = July,
	Rating = {1},
	School = {Universit{\"a}ts-Sternwarte G{\"o}ttingen},
	Title = {{Structure and dynamics of small scale magnetic fields in the solar atmosphere Results of high resolution polarimetry and image reconstruction}},
	Year = 2003}

@article{1983OptL....8..389W,
	Adsnote = {Provided by the Smithsonian/NASA Astrophysics Data System},
	Adsurl = {http://adsabs.harvard.edu/abs/1983OptL....8..389W},
	Author = {{Weigelt}, G. and {Wirnitzer}, B.},
	Date-Added = {2007-09-03 15:29:03 +0200},
	Date-Modified = {2007-09-03 15:29:10 +0200},
	Journal = {Optics Letters},
	Month = jul,
	Pages = {389-391},
	Rating = {1},
	Title = {{Image reconstruction by the speckle-masking method}},
	Volume = 8,
	Year = 1983}

@article{von-der-Luehe:1984fk,
	Author = {{von der L\"uhe}, O.},
	Date-Added = {2007-09-03 15:25:16 +0200},
	Date-Modified = {2007-10-21 13:22:44 +0200},
	Journal = {J. Opt. Soc. Am.},
	Pages = {510},
	Rating = {1},
	Title = {Estimating Fried's parameter from a time series of an arbitrary resolved object imaged through atmospheric turbulence},
	Volume = {1, Issue 5},
	Year = {1984}}

@article{1970A&A.....6...85L,
	Adsnote = {Provided by the Smithsonian/NASA Astrophysics Data System},
	Adsurl = {http://adsabs.harvard.edu/abs/1970A%26A.....6...85L},
	Author = {{Labeyrie}, A.},
	Date-Added = {2007-09-03 15:22:27 +0200},
	Date-Modified = {2007-10-21 17:59:54 +0200},
	Journal = {\aap},
	Month = may,
	Pages = {85},
	Rating = {1},
	Title = {{Attainment of Diffraction Limited Resolution in Large Telescopes by Fourier Analysing Speckle Patterns in Star Images}},
	Volume = 6,
	Year = 1970}

@article{1973JOSA...63..971K,
	Adsnote = {Provided by the Smithsonian/NASA Astrophysics Data System},
	Adsurl = {http://adsabs.harvard.edu/abs/1973JOSA...63..971K},
	Author = {{Korff}, D.},
	Date-Added = {2007-09-03 15:20:54 +0200},
	Date-Modified = {2007-09-03 15:20:58 +0200},
	Journal = {Journal of the Optical Society of America (1917-1983)},
	Pages = {971-980},
	Rating = {1},
	Title = {{Analysis of a Method for Obtaining Near Diffraction Limited Information in the Presence of Atmospheric Turbulence}},
	Volume = 63,
	Year = 1973}

@article{1992A&A...261..321K,
	Adsnote = {Provided by the Smithsonian/NASA Astrophysics Data System},
	Adsurl = {http://adsabs.harvard.edu/abs/1992A%26A...261..321K},
	Author = {{Keller}, C.~U. and {von der L\"uhe}, O.},
	Date-Added = {2007-09-03 15:12:06 +0200},
	Date-Modified = {2007-09-25 09:34:10 +0200},
	Journal = {\aap},
	Month = jul,
	Pages = {321-328},
	Rating = {1},
	Title = {{Solar speckle polarimetry}},
	Volume = 261,
	Year = 1992}

@article{1996A&AS..120..195D,
	Adsnote = {Provided by the Smithsonian/NASA Astrophysics Data System},
	Adsurl = {http://adsabs.harvard.edu/abs/1996A%26AS..120..195D},
	Author = {{de Boer}, C.~R.},
	Date-Added = {2007-09-03 15:09:18 +0200},
	Date-Modified = {2007-09-03 15:09:26 +0200},
	Journal = {\aaps},
	Month = nov,
	Pages = {195-199},
	Rating = {1},
	Title = {{Noise filtering in solar speckle masking reconstructions.}},
	Volume = 120,
	Year = 1996}

@book{Born:1999lr,
	Author = {Born, M and Wolf, E.},
	Booktitle = {Principles of Optics},
	Date-Added = {2007-09-03 15:02:30 +0200},
	Date-Modified = {2007-09-03 15:09:23 +0200},
	Publisher = {Cambridge University Press, 7th edition},
	Rating = {1},
	Title = {Principles of Optics},
	Year = {1999}}

@article{2006A&A...454.1011P,
	Adsnote = {Provided by the Smithsonian/NASA Astrophysics Data System},
	Adsurl = {http://adsabs.harvard.edu/abs/2006A%26A...454.1011P},
	Author = {{Puschmann}, K.~G. and {Sailer}, M.},
	Date-Added = {2007-09-03 15:01:09 +0200},
	Date-Modified = {2007-09-03 15:10:25 +0200},
	Doi = {10.1051/0004-6361:20053918},
	Journal = {\aap},
	Month = aug,
	Pages = {1011-1019},
	Rating = {1},
	Title = {{Speckle reconstruction of photometric data observed with adaptive optics}},
	Volume = 454,
	Year = 2006}

@article{2006A&A...451.1151P,
	Adsnote = {Provided by the Smithsonian/NASA Astrophysics Data System},
	Adsurl = {http://adsabs.harvard.edu/abs/2006A%26A...451.1151P},
	Author = {{Puschmann}, K.~G. and {Kneer}, F. and {Seelemann}, T. and {Wittmann}, A.~D.},
	Date-Added = {2007-09-03 15:01:09 +0200},
	Date-Modified = {2007-09-20 11:48:01 +0200},
	Doi = {10.1051/0004-6361:20054487},
	Journal = {\aap},
	Month = jun,
	Pages = {1151-1158},
	Rating = {1},
	Title = {{The new G{\"o}ttingen Fabry-P{\'e}rot spectrometer for two-dimensional observations of the Sun}},
	Volume = 451,
	Year = 2006}

@article{2005A&A...443.1047B,
	Adsnote = {Provided by the Smithsonian/NASA Astrophysics Data System},
	Adsurl = {http://adsabs.harvard.edu/abs/2005A%26A...443.1047B},
	Author = {{Beck}, C. and {Schlichenmaier}, R. and {Collados}, M. and {Bellot Rubio}, L. and {Kentischer}, T.},
	Date-Added = {2007-09-03 14:49:03 +0200},
	Date-Modified = {2007-09-03 14:59:29 +0200},
	Doi = {10.1051/0004-6361:20052935},
	Journal = {\aap},
	Month = dec,
	Pages = {1047-1053},
	Rating = {0},
	Title = {{A polarization model for the German Vacuum Tower Telescope from in situ and laboratory measurements}},
	Volume = 443,
	Year = 2005}

@inproceedings{2003SPIE.4853..187V,
	Adsnote = {Provided by the Smithsonian/NASA Astrophysics Data System},
	Adsurl = {http://adsabs.harvard.edu/abs/2003SPIE.4853..187V},
	Author = {{von der L\"uhe}, O. and {Soltau}, D. and {Berkefeld}, T. and {Schelenz}, T.},
	Booktitle = {Innovative Telescopes and Instrumentation for Solar Astrophysics.},
	Date-Added = {2007-09-03 14:49:03 +0200},
	Date-Modified = {2007-10-21 13:24:01 +0200},
	Editor = {{Keil}, S.~L. and {Avakyan}, S.~V.},
	Month = feb,
	Pages = {187-193},
	Rating = {1},
	Series = {SPIE Conf.},
	Title = {{KAOS: Adaptive optics system for the Vacuum Tower Telescope at Teide Observatory}},
	Volume = 4853,
	Year = 2003}

@inproceedings{1985spit.conf.1191S,
	Adsnote = {Provided by the Smithsonian/NASA Astrophysics Data System},
	Adsurl = {http://adsabs.harvard.edu/abs/1985spit.conf.1191S},
	Author = {{Soltau}, D.},
	Booktitle = {Solar Physics and Interplanetary Travelling Phenomena},
	Date-Added = {2007-09-03 14:49:03 +0200},
	Date-Modified = {2007-09-03 14:59:31 +0200},
	Editor = {{de Jager}, C. and {Chen}, B.},
	Pages = {1191-+},
	Rating = {1},
	Title = {{The German 60-cm Vacuum Tower Telescope and Its Post-Focus Facilities}},
	Year = 1985}
